%% LaTeX2e file `theory-linear_elastoplasticity.bib'
%% generated by the `filecontents' environment
%% from source `theory-linear_elastoplasticity' on 2020/05/25.
%%
@Misc{Mergheim2018a,
  author =    {Julia Mergheim and Jean-Paul Pelteret and Ester Comellas},
  title =     {Lecture notes: Material Modelling and Simulation},
  year =      {2018},
  publisher = {Friedrich--Alexander Uniersit\"{a}t Erlangen--N\"{u}rnberg}
}
@Book{Simo2006a,
  title     = {Computational Inelasticity},
  publisher = {Springer Science \& Business Media},
  year      = {2000},
  author    = {Simo, J. C. and Hughes, Thomas J. R.},
  editor    = {Marsden, J. E. and Sirovich, L. and Wiggins, S.},
  volume    = {7},
  series    = {Interdisciplinary Applied Mathematics},
  isbn      = {978-0-387-97520-7},
  doi       = {10.1007/b98904},
}
